@misc{stablediffusion21,
  author       = {Stability AI},
  title        = {Stable Diffusion 2.1},
  year         = {2022},
  url          = {https://huggingface.co/stabilityai/stable-diffusion-2-1},
  note         = {Accessed: 2025-05-01}
}
@article{rombach2022high,
  author       = {Rombach, Robin and Blattmann, Andreas and Lorenz, Dominik 
                  and Esser, Patrick and Ommer, Bj√∂rn},
  title        = {High-Resolution Image Synthesis with Latent Diffusion Models},
  journal      = {arXiv preprint arXiv:2112.10752},
  year         = {2022},
  doi          = {10.48550/arXiv.2112.10752}
}

@misc{stabilityai2022stable,
  author       = {Stability AI},
  title        = {Stable Diffusion v2.1 and DreamStudio Updates 7-Dec-22},
  year         = {2022},
  publisher    = {Stability AI},
  url          = {https://stability.ai/news/stablediffusion2-1-release7-dec-2022}
}

@misc{docker2023,
  author       = {Docker, Inc.},
  title        = {Docker Documentation},
  year         = {2023},
  publisher    = {Docker, Inc.},
  url          = {https://docs.docker.com/}
}

@misc{kubernetes2023,
  author       = {Cloud Native Computing Foundation},
  title        = {Kubernetes Documentation},
  year         = {2023},
  publisher    = {Cloud Native Computing Foundation},
  url          = {https://kubernetes.io/}
}

@misc{openshift2023,
  author       = {Red Hat, Inc.},
  title        = {OpenShift Container Platform},
  year         = {2023},
  publisher    = {Red Hat},
  url          = {https://www.redhat.com/en/technologies/cloud-computing/openshift/container-platform}
}

@misc{ramirez2023fastapi,
  author       = {Ramirez, Sebastian},
  title        = {FastAPI},
  year         = {2023},
  publisher    = {FastAPI},
  url          = {https://fastapi.tiangolo.com/}
}

@misc{vonPlaten2023diffusers,
  author       = {von Platen, Patrick and Patil, Suraj and Lozhkov, Anton and 
                  Cuenca, Pedro and Lambert, Nathan and Rasul, Kashif and 
                  Davaadorj, Mishig and Nair, Dhruv and Paul, Sayak and 
                  Liu, Steven and Berman, William and Xu, Yiyi and Wolf, Thomas},
  title        = {Diffusers: State-of-the-art diffusion models},
  year         = {2023},
  publisher    = {Hugging Face},
  url          = {https://github.com/huggingface/diffusers}
}

@misc{openapi2021,
  author       = {OpenAPI Initiative},
  title        = {OpenAPI Specification Version 3.1.1},
  year         = {2021},
  publisher    = {OpenAPI Initiative},
  url          = {https://spec.openapis.org/oas/v3.1.1}
}
